@article{tyler2001limitation,
  title={Limitation of Trypanosoma brucei parasitaemia results from density-dependent parasite differentiation and parasite killing by the host immune response},
  author={Tyler, Kevin M and Higgs, Paul G and Matthews, Keith R and Gull, Keith},
  journal={Proceedings of the Royal Society of London. Series B: Biological Sciences},
  volume={268},
  number={1482},
  pages={2235--2243},
  year={2001},
  publisher={The Royal Society}
}

@article{turner1995replication,
  title={Replication, differentiation, growth and the virulence of Trypanosoma brucei infections},
  author={Turner, CMR and Aslam, N and Dye, C},
  journal={Parasitology},
  volume={111},
  number={3},
  pages={289--300},
  year={1995},
  publisher={Cambridge University Press}
}

@article{venter2022parasite,
  title={Parasite co-infection: an ecological, molecular and experimental perspective},
  author={Venter, Frank and Matthews, Keith R and Silvester, Eleanor},
  journal={Proceedings of the Royal Society B},
  volume={289},
  number={1967},
  pages={20212155},
  year={2022},
  publisher={The Royal Society}
}

@article{sanches2019trypanosoma,
  title={Trypanosoma brucei infection protects mice against malaria},
  author={Sanches-Vaz, Margarida and Tempor{\~a}o, Adriana and Luis, Rafael and Nunes-Caba{\c{c}}o, Helena and Mendes, Ant{\'o}nio M and Goellner, Sarah and Carvalho, T{\^a}nia and Figueiredo, Luisa M and Prud{\^e}ncio, Miguel},
  journal={PLoS Pathogens},
  volume={15},
  number={11},
  pages={e1008145},
  year={2019},
  publisher={Public Library of Science San Francisco, CA USA}
}


